@misc{shopify2020,
    title = {Categorizing Products at Scale},
    author = {Jeet Mehta},
    howpublished = {\url{https://shopify.engineering/categorizing-products-at-scale}},
    year = {2020},
    note = {Shopify Engineering},
}

@article{Zhang2021,
    author = {Wen Zhang and Yanbin Lu and Bella Dubrov and Zhi Xu and Shang Shang and Emilio Maldonado},
    title = {Deep hierarchical product classification based on pre-trained multilingual knowledge},
    year = {2021},
    url = {https://www.amazon.science/publications/deep-hierarchical-product-classification-based-on-pre-trained-multilingual-knowledge},
    journal = {IEEE - The Bulletin of the Technical Committee on Data Engineering},
}

@inproceedings{Nguyen2022,
    author = {Huy Nguyen and Devashish Khatwani},
    title = {Robust product classification with instance-dependent noise},
    year = {2022},
    url = {https://www.amazon.science/publications/robust-product-classification-with-instance-dependent-noise},
    booktitle = {ACL 2022 Workshop on ECNLP}
}

@inproceedings{yang-etal-2020-multilingual,
    title = {Multilingual Universal Sentence Encoder for Semantic Retrieval},
    author = {Yang, Yinfei and Cer, Daniel and Ahmad, Amin and Guo, Mandy and Law, Jax and Constant, Noah and Hernandez Abrego, Gustavo and Yuan, Steve and Tar, Chris and Sung, Yun-hsuan and Strope, Brian and Kurzweil, Ray},
    booktitle = {Proceedings of the 58th Annual Meeting of the Association for Computational Linguistics: System Demonstrations},
    month = {7},
    year = {2020},
    publisher = {Association for Computational Linguistics},
    url = {https://aclanthology.org/2020.acl-demos.12},
    doi = {10.18653/v1/2020.acl-demos.12},
    pages = {87--94}
}

@article{10304335,
    author = {Yu, Weihao and Si, Chenyang and Zhou, Pan and Luo, Mi and Zhou, Yichen and Feng, Jiashi and Yan, Shuicheng and Wang, Xinchao},
    journal = {IEEE Transactions on Pattern Analysis and Machine Intelligence},
    title = {MetaFormer Baselines for Vision},
    year = {2023},
    pages = {1-17},
    doi = {10.1109/TPAMI.2023.3329173}
}

@article{mcinnes2018umap-software,
    title = {UMAP: Uniform Manifold Approximation and Projection},
    author = {McInnes, Leland and Healy, John and Saul, Nathaniel and Grossberger, Lukas},
    journal = {The Journal of Open Source Software},
    volume = {3},
    number = {29},
    pages = {861},
    year = {2018}
}

@incollection{pymorphy2,
    year = {2015},
    isbn = {978-3-319-26122-5},
    booktitle = {Analysis of Images, Social Networks and Texts},
    volume = {542},
    series = {Communications in Computer and Information Science},
    editor = {Khachay, Mikhail Yu. and Konstantinova, Natalia and Panchenko, Alexander and Ignatov, Dmitry I. and Labunets, Valeri G.},
    doi = {10.1007/978-3-319-26123-2_31},
    title = {Morphological Analyzer and Generator for Russian and Ukrainian Languages},
    url = {http://dx.doi.org/10.1007/978-3-319-26123-2_31},
    publisher = {Springer International Publishing},
    keywords = {Morphological analyzer; Russian; Ukrainian; Morphological generator; Open source; OpenCorpora; LanguageTool; pymorphy2; pymorphy},
    author = {Korobov, Mikhail},
    pages = {320-332},
    language = {English}
}

@misc{hunspell,
    title = {Hunspell: About},
    author = {László Németh},
    howpublished = {\url{https://hunspell.github.io/}},
    year = {2023},
    note = {The most popular spellchecking library}
}

@article{Lecun1998,
    author = {Lecun, Y. and Bottou, L. and Bengio, Y. and Haffner, P.},
    journal = {Proceedings of the IEEE},
    title = {Gradient-based learning applied to document recognition},
    year = {1998},
    volume = {86},
    number = {11},
    pages = {2278-2324},
    doi = {10.1109/5.726791}
}

@article{Schuster1997,
    author = {Schuster, Mike and Paliwal, Kuldip},
    year = {1997},
    month = {12},
    pages = {2673 - 2681},
    title = {Bidirectional recurrent neural networks},
    volume = {45},
    journal = {Signal Processing, IEEE Transactions on},
    doi = {10.1109/78.650093}
}

@inproceedings{devlin-etal-2019-bert,
    title = {{BERT}: Pre-training of Deep Bidirectional Transformers for Language Understanding},
    author = {Devlin, Jacob and Chang, Ming-Wei and Lee, Kenton and Toutanova, Kristina},
    booktitle = {Proceedings of the 2019 Conference of the North {A}mer\-ican Chapter of the Association for Computational Linguistics: Human Language Technologies, Volume 1 (Long and Short Papers)},
    month = {6},
    year = {2019},
    address = {Minneapolis, Minnesota},
    publisher = {Association for Computational Linguistics},
    url = {https://aclanthology.org/N19-1423},
    doi = {10.18653/v1/N19-1423},
    pages = {4171--4186}
}
